@book{jung2022mlbasics,
  author    = {Jung, Alexander},
  title     = {Machine Learning: The Basics},
  year      = {2022},
  address   = {Singapore},
  publisher = {Springer}
}

@misc{xgabora_club_football_2000_2025,
  author       = {GÃ¡bor, Adam},
  title        = {Club Football Match Data},
  year         = {2025},
  howpublished = {GitHub repository},
  url          = {https://github.com/xgabora/Club-Football-Match-Data-2000-2025},
  urldate      = {2025-09-18}
}

@online{football_data_couk,
  author       = {{Football-Data.co.uk}},
  title        = {Football-{D}ata.co.uk},
  year         = {2025},
  url          = {https://www.football-data.co.uk/},
  urldate      = {2025-09-18},
  note         = {Historical match statistics and betting odds; cited as the source of match data in the dataset README}
}

@online{clubelo_website,
  author       = {{ClubElo}},
  title        = {Club{E}lo},
  year         = {2025},
  url          = {https://www.clubelo.com/},
  urldate      = {2025-09-18},
  note         = {Club Elo ratings; cited as the source of Elo snapshots in the dataset README}
}

@article{breiman2001randomforests,
  author  = {Breiman, Leo},
  title   = {Random Forests},
  journal = {Machine Learning},
  year    = {2001},
  volume  = {45},
  number  = {1},
  pages   = {5--32},
  doi     = {10.1023/A:1010933404324},
  url     = {https://link.springer.com/article/10.1023/A:1010933404324}
}

@article{pedregosa2011scikitlearn,
  author  = {Pedregosa, Fabian and Varoquaux, Ga{\"e}l and Gramfort, Alexandre and Michel, Vincent and Thirion, Bertrand and Grisel, Olivier and Blondel, Mathieu and Prettenhofer, Peter and Weiss, Ron and Dubourg, Vincent and Vanderplas, Jake and Passos, Alexandre and Cournapeau, David and Brucher, Matthieu and Perrot, Matthieu and Duchesnay, {\'E}douard},
  title   = {Scikit-learn: Machine Learning in Python},
  journal = {Journal of Machine Learning Research},
  year    = {2011},
  volume  = {12},
  pages   = {2825--2830},
  url     = {https://www.jmlr.org/papers/volume12/pedregosa11a/pedregosa11a.pdf}
}
